<?xml version="1.0" encoding="utf-8"?>
<record xmlns="http://www.loc.gov/MARC21/slim" xmlns:xsi="http://www.w3.org/2001/XMLSchema-instance" xsi:schemaLocation="http://www.loc.gov/MARC21/slim http://www.loc.gov/standards/marcxml/schema/MARC21slim.xsd">
	<leader>     nam a22     Mi 4500</leader>
	<controlfield tag="001">b12783638</controlfield>
	<controlfield tag="003">LeBAU</controlfield>
	<controlfield tag="006">m        d        </controlfield>
	<controlfield tag="007">cr cn |||m|||a</controlfield>
	<controlfield tag="008">180604s1953    iq acf  ob    ||0 0 ara d</controlfield>
	<datafield ind1=" " ind2=" " tag="040">
		<subfield code="a">ZYU</subfield>
		<subfield code="b">ara</subfield>
		<subfield code="e">rda</subfield>
		<subfield code="c">ZYU</subfield>
	</datafield>
	<datafield ind1="0" ind2="4" tag="082">
		<subfield code="a">956.7</subfield>
		<subfield code="2">22</subfield>
	</datafield>
	<datafield ind1="1" ind2=" " tag="100">
		<subfield code="6">880-01</subfield>
		<subfield code="a">Hilālī, ʻAbd al-Razzāq,</subfield>
		<subfield code="d">1916-</subfield>
		<subfield code="e">author.</subfield>
	</datafield>
	<datafield ind1="1" ind2="0" tag="245">
		<subfield code="6">880-02</subfield>
		<subfield code="a">Mu‘jam al-‘Irāq :</subfield>
		<subfield code="b">sijill tārīkhī siyāsī iqtiṣādī ijtimā‘ī thaqāfī yabḥathu bi-ījāz daqīq ‘an mukhtalaf nawāḥī al-ḥayāt al-‘āmmah fī al-‘Irāq mundhu al-‘ahd al-‘Uthmānī ḥattá al-yawm /</subfield>
		<subfield code="c">‘Abd al-Razzāq al-Hilālī.</subfield>
	</datafield>
	<datafield ind1=" " ind2="1" tag="264">
		<subfield code="6">880-03</subfield>
		<subfield code="a">Baghdād :</subfield>
		<subfield code="b">Maṭba‘at al-Najāḥ,</subfield>
		<subfield code="c">1953.</subfield>
	</datafield>
	<datafield ind1=" " ind2=" " tag="300">
		<subfield code="6">880-04</subfield>
		<subfield code="a">online resource (1 volume (328, 250 pages, 4 unnumbered leaves of plates)) :</subfield>
		<subfield code="b">illustrations, genealogical table, portraits</subfield>
	</datafield>
	<datafield ind1=" " ind2=" " tag="336">
		<subfield code="a">text</subfield>
		<subfield code="2">rdacontent</subfield>
	</datafield>
	<datafield ind1=" " ind2=" " tag="337">
		<subfield code="a">computer</subfield>
		<subfield code="2">rdamedia</subfield>
	</datafield>
	<datafield ind1=" " ind2=" " tag="338">
		<subfield code="a">online resource</subfield>
		<subfield code="2">rdacarrier</subfield>
	</datafield>
	<datafield ind1=" " ind2=" " tag="500">
		<subfield code="a">&quot;ساعدت وزارة المعارف على نشرهذا الكتاب&quot;</subfield>
	</datafield>
	<datafield ind1=" " ind2=" " tag="500">
		<subfield code="a">لم يصدر اي جزء آخر من هذا الكتاب.</subfield>
	</datafield>
	<datafield ind1=" " ind2=" " tag="500">
		<subfield code="a">الجزء الثاني من إصدار مطابع دار الكشاف للنشر والطباعة والتوزيع سنة 1956.</subfield>
	</datafield>
	<datafield ind1=" " ind2=" " tag="500">
		<subfield code="a">Part of the Arabic Collections Online (ACO) project, contributed by American University of Beirut's Jafet Memorial Library.</subfield>
	</datafield>
	<datafield ind1=" " ind2=" " tag="501">
		<subfield code="a">هذا الكتاب مجلد 2 جزء ببليوغرافي في 1 جزء مادي.</subfield>
	</datafield>
	<datafield ind1=" " ind2=" " tag="504">
		<subfield code="a">يتضمن مراجع ببليوغرافية.</subfield>
	</datafield>
	<datafield ind1="3" ind2=" " tag="520">
		<subfield code="a">&quot;كتاب بجزءين اصدره الاستاذ عبد الرزاق الهلالي الكاتب والباحث الشهير (رحمه الله). وقد وضع له عنوانا فرعيا يقول انه: &quot;سجل تاريخي سياسي اقتصادي اجتماعي ثقافي يبحث بايجاز دقيق عن مختلف نواحي الحياة العامة في العراق منذ العهد العثماني حتى اليوم&quot; وقد نشر سنة 1953 وطبع في مطبعة النجاح ببغداد. من مباحث الكتاب موجز جغرافية العراق - مجمل تاريخ العراق - العائلة المالكة في العراق - النسب الهاشمي -  بداية المعجم وقد رتب حسب الحروف الهجارية ومن المواد التي كتب عنها المؤلف: الابار الارتوازية الاثار القديمة -  الاثوريون في العراق - الاحزاب السياسية - الادارة المحلية -الاذاعة اللاسلكية - الاراضي في العراق – اربيل - الازياء في العراق - الاسماك في العراق - البادية العراقية - البريد والبرق - تجارة العراق - التعليم في العراق - تسوية حقوق الاراضي - الجامعة العراقية - تقسيمات العراق الادارية - الثرثار - الثروة المعدنية - الثورة العراقية - الجمعيات في العراق - بيوت الامة - الطيران العراقية - الجيش العراقي- الكلية العسكرية - حدود العراق السياسية - خدمة العلم - الخطوط الجوية العراقية - الدجيلة - الرمادي - الزراعة في العراق - شعار الدولة العراقية -الصحة - الشركات - الفاو - ديوان التدوين القانوني - كلية الاركان . وموضوعات كثيرة اخرى ..معجم مهم ومفيد.&quot;</subfield>
	</datafield>
	<datafield ind1=" " ind2=" " tag="533">
		<subfield code="a">Electronic reproduction.</subfield>
		<subfield code="b">New York, N.Y. :</subfield>
		<subfield code="c">New York University,</subfield>
		<subfield code="d">2018.</subfield>
		<subfield code="5">NNU</subfield>
	</datafield>
	<datafield ind1=" " ind2=" " tag="588">
		<subfield code="a">هذا المستخلص أخذ من مدونة الدكتور إبراهيم العلاف: http://wwwallafblogspotcom.blogspot.com/2013/08/blog-post_1.html?m=1 (تاريخ زيارة الموقع 2017-10-11)</subfield>
	</datafield>
	<datafield ind1=" " ind2="4" tag="651">
		<subfield code="a">العراق</subfield>
		<subfield code="x">تاريخ</subfield>
		<subfield code="v">موسوعات.</subfield>
	</datafield>
	<datafield ind1=" " ind2="4" tag="651">
		<subfield code="a">العراق</subfield>
		<subfield code="x">وصف ورحلات</subfield>
		<subfield code="v">موسوعات.</subfield>
	</datafield>
	<datafield ind1=" " ind2="0" tag="651">
		<subfield code="a">Iraq</subfield>
		<subfield code="x">History</subfield>
		<subfield code="v">Encyclopedias.</subfield>
	</datafield>
	<datafield ind1=" " ind2="0" tag="651">
		<subfield code="a">Iraq</subfield>
		<subfield code="x">Description and travel</subfield>
		<subfield code="v">Encyclopedias.</subfield>
	</datafield>
	<datafield ind1="2" ind2=" " tag="710">
		<subfield code="a">Jafet Memorial Library.</subfield>
	</datafield>
	<datafield ind1="0" ind2=" " tag="730">
		<subfield code="a">Arabic Collections Online.</subfield>
	</datafield>
	<datafield ind1="0" ind2="8" tag="776">
		<subfield code="i">Print version:</subfield>
		<subfield code="a">Hilālī, ʻAbd al-Razzāq, 1916- author.</subfield>
		<subfield code="t">Mu‘jam al-‘Irāq</subfield>
		<subfield code="w">(LeBAU)b12783638</subfield>
	</datafield>
	<datafield ind1="4" ind2="0" tag="856">
		<subfield code="u">http://hdl.handle.net/2333.1/vdnck19g</subfield>
	</datafield>
	<datafield ind1="1" ind2=" " tag="880">
		<subfield code="6">100-01</subfield>
		<subfield code="a">الهلالي، عبد الرزاق،</subfield>
		<subfield code="e">مؤلف. </subfield>
		<subfield code="4">aut.</subfield>
	</datafield>
	<datafield ind1="1" ind2="0" tag="880">
		<subfield code="6">245-02</subfield>
		<subfield code="a">معجم العراق :</subfield>
		<subfield code="b">سجل تاريخي سياسي إقتصادي إجتماعي ثقافي يبحث بإيجاز دقيق عن مختلف نواحي الحياة العامة في العراق منذ العهد العثماني حتى اليوم /</subfield>
		<subfield code="c">عبد الرزاق الهلالي.</subfield>
	</datafield>
	<datafield ind1=" " ind2="1" tag="880">
		<subfield code="6">264-03</subfield>
		<subfield code="a">بغداد :</subfield>
		<subfield code="b">مطبعة النجاح،</subfield>
		<subfield code="c">1953.</subfield>
	</datafield>
	<datafield ind1=" " ind2=" " tag="880">
		<subfield code="6">300-04</subfield>
		<subfield code="a">1 جزء (328، 250 صفحة، 4 ورقات لوحات غير مرقمة) :</subfield>
		<subfield code="b">مصورات، شجرة أنساب، صور شخصانية ؛</subfield>
		<subfield code="c">24 سم</subfield>
	</datafield>
	<datafield ind1=" " ind2=" " tag="959">
		<subfield code="a">NNU</subfield>
		<subfield code="b">WEB</subfield>
		<subfield code="c">GENI</subfield>
		<subfield code="t">0</subfield>
		<subfield code="m">Electronic access</subfield>
		<subfield code="s">01</subfield>
	</datafield>
	<datafield ind1=" " ind2=" " tag="999">
		<subfield code="i">LeBAU_b12783638</subfield>
		<subfield code="s">aub_aco001880:v.1-2</subfield>
		<subfield code="e">(ERROR-MISC)</subfield>
	</datafield>
</record>
